@inproceedings{bockcnn,
  author    = {Jan Schlüter and
               Sebastian Böck},
  title     = {Musical Onset Detection with Convolutional Neural Networks},
  booktitle = {Proceedings of the 6th International Workshop on Machine Learning
               and Music},
  year      = {2013},
  url       = {http://www.ofai.at/~jan.schlueter/pubs/2013_mml.pdf},
  doi       = {10.1.1.430.9970}
}

@inproceedings{bockcomb,
  author    = {Sebastian Böck and
               Florian Krebs and
               Gerhard Widmer},
  title     = {Accurate Tempo Estimation based on Recurrent Neural Networks and
               Resonating Comb Filters},
  booktitle = {Proceedings of the 16th International Society for Music
               Information Retrieval Conference},
  year      = {2015},
  url       = {http://ismir2015.uma.es/articles/196_Paper.pdf}
}

@inproceedings{bockll,
  author    = {Sebastian Böck and
               Andreas Arzt and
               Florian Krebs and
               Markus Schedl},
  title     = {Online Real-time Onset Detection with Recurrent Neural Networks},
  booktitle = {Proceedings of the 15th International Conference on Digital Audio
               Effects (DAFx)},
  year      = {2012},
  url       = {https://www.dafx12.york.ac.uk/papers/dafx12_submission_4.pdf}
}

@candthesis{bockthesis,
  author = {Sebastian Böck},
  title  = {Onset, Beat, and Tempo Detection
               with Artificial Neural Networks},
  type   = {Diploma thesis},
  url    = {http://mir.minimoog.org/sb-diploma-thesis}
}


@masterthesis{bram,
  author = {{van de Wetering}, Bram},
  title  = {Non-causal Beat Tracking for Rhythm Games},
  month  = {3},
  year   = {2016}
}